@Book{Leit1,
  title = {Wissenschaftliche Arbeiten. Leitfaden für Haus- und Seminararbeiten, Bachelor- und Masterthesis, Diplom- und Magisterarbeiten, Dissertationen},
  author = {W. E. Rossing and J. Praetsch},
  publisher = {{PRINT-TEC} Druck + Verlag},
  address = {Weyhe},
  year = {2005},
}

@Misc{TuDo2,
  author		= {TUD},
  title         = {Logo der Technischen Universität Dortmund},
  note          = {Verfügbar unter: http://www.tu-dortmund.de},
}

@Book{Book3,
  title = {A Very Nice Book},
  author = {J. J. Junior},
  publisher = {Musterverlag},
  address = {Any adress},
  year = {1985},
}

@Inproceedings{InProc4,
  author = {H. Mustermann},
  title = {This could be from a conference},
  booktitle = {{PROCRA}},
  year = {1985},
  pages = {680-685},
  doi = {10.1.1/TEST}
}
